@Book{Book1,
  author = 	 {Dupont, Jean and Durand, Patrick},
  title = 	 {Titre du {LIVRE}},
  publisher = 	 {Flammarion},
  year = 	 {2014}
}

@Article{Article1,
  author = 	 {Nom1, Prenom1 and Nom2, Prenom2a~Prenom2b and Nom3, Prenom3},
  title = 	 {Titre de l'article},
  journal = 	 {Conf\'erence Internationale sur la s\'ecurit\'e dans le Monde},
  year = 	 {2013}
}

@misc{bworld,
  title = {{DÃ©couverte de faille majeurs}},
  howpublished = {\url{http://www.cert.org}},
  year = {2014}
}

@misc{bworld2,
  title = {{Statistique sur les infractions}},
  howpublished = {\url{http://www.cert.org/stats/}},
  year = {2003}
}

@misc{impact,
  title = {{Impact des trois virus les plus virulents}},
  howpublished = {\url{http://www.newsfactor.com/perl/story/16407.html}},
  year = {2012}
}
